@inproceedings{kocaguneli2011experiences,
  title={Experiences on developer participation and effort estimation},
  author={Kocaguneli, E. and Misirli, A. T. and Caglayan, B. and Bener, A.},
  booktitle={SEAA'11},
  pages={419--422},
  year={2011},
  organization={IEEE}
}

@article{AGRAWAL2018,
author = {A. Agrawal and W. Fu and T. Menzies},
title = {What is wrong with topic modeling? And how to fix it using search-based software engineering},
journal = {IST Journal},
year = {2018},
}

@inproceedings{thornton2013auto,
  title={Auto-WEKA: Combined selection and hyperparameter optimization of classification algorithms},
  author={Thornton, C. and Hutter, F. and Hoos, H. H. and Leyton-Brown, K.},
  booktitle={KDD'13},
  pages={847--855},
  year={2013},
  organization={ACM}
}

@inproceedings{agrawal2017better,
  title={" Better Data" is Better than" Better Data Miners"(Benefits of Tuning SMOTE for Defect Prediction)},
  author={Agrawal, A. and Menzies, T.},
  booktitle={ICSE'18},
  year={2018}
}

@article{IJST70010,
	author = {S. Chalotra and S. K. Sehra and Y. S. Brar and N. Kaur},
	title = {Tuning of COCOMO Model Parameters by using Bee Colony Optimization},
	journal = {Indian Journal of Science and Technology},
	volume = {8},
	number = {14},
	year = {2015},
}

@article{Khatibi13,
author={Khatibi Bardsiri,V. and Jawawi,D. N. and Abang and Hashim,S. Z. and Mohd and Khatibi,E.},
year={2013},
month={09},
title={A PSO-based model to increase the accuracy of software development effort estimation},
journal={Software Quality Journal},
volume={21},
number={3},
pages={501-526},
} 


@article{Arcuri2013,
author="Arcuri, A. and Fraser, G.",
title="Parameter tuning or default values? An empirical investigation in search-based software engineering",
journal="ESE",
year="2013",
month="Jun",
day="01",
volume="18",
number="3",
pages="594--623"}


@inproceedings{Rao14,
  title={Multi objective particle swarm optimization for software cost estimation},
  author={Rao, G. S. and Krishna, C. V. P. and Rao, K. R.},
  booktitle={ICT and Critical Infrastructure: Proceedings of the 48th Annual Convention of Computer Society of India-Vol I},
  pages={125--132},
  year={2014},
  organization={Springer}
}

@inproceedings{Song:2013,
 author = {Song, Liyan and Minku, Leandro L. and Yao, Xin},
 title = {The Impact of Parameter Tuning on Software Effort Estimation Using Learning Machines},
 booktitle = {PROMISE'13}, 
 year = {2013},
 isbn = {978-1-4503-2016-0},
 location = {Baltimore, Maryland, USA},
 pages = {9:1--9:10},
 articleno = {9},
 numpages = {10},
 doi = {10.1145/2499393.2499394},
 acmid = {2499394},
 publisher = {ACM},
 address = {New York, NY, USA},
 keywords = {ensembles, machine learning, online learning, sensitivity to parameters, software effort estimation},
} 



@inproceedings{aljahdali2010software,
  title={Software effort estimation by tuning COOCMO model parameters using differential evolution},
  author={Aljahdali, Sultan and Sheta, Alaa F},
  booktitle={Computer Systems and Applications (AICCSA), 2010 IEEE/ACS International Conference on},
  pages={1--6},
  year={2010},
  organization={IEEE}
}


@article{singh2012software,
  title={Software effort estimation by genetic algorithm tuned parameters of modified constructive cost model for nasa software projects},
  author={Singh, Brajesh Kumar and Misra, AK},
  journal={International Journal of Computer Applications},
  volume={59},
  number={9},
  year={2012},
  publisher={Foundation of Computer Science}
}


@article{Moeyersoms:2015,
 author = {Moeyersoms, Julie and Junqu{\'e} de Fortuny, Enric and Dejaeger, Karel and Baesens, Bart and Martens, David},
 title = {Comprehensible Software Fault and Effort Prediction},
 journal = {J. Syst. Softw.},
 issue_date = {February 2015},
 volume = {100},
 number = {C},
 month = feb,
 year = {2015},
 issn = {0164-1212},
 pages = {80--90},
 numpages = {11},
 doi = {10.1016/j.jss.2014.10.032},
 acmid = {2948341},
 publisher = {Elsevier Science Inc.},
 address = {New York, NY, USA},
 keywords = {Comprehensibility, Rule extraction, Software fault and effort prediction},
} 


@article{Bergstra:2012,
 author = {Bergstra, James and Bengio, Yoshua},
 title = {Random Search for Hyper-parameter Optimization},
 journal = {J. Mach. Learn. Res.},
 issue_date = {January 2012},
 volume = {13},
 number = {1},
 month = feb,
 year = {2012},
 issn = {1532-4435},
 pages = {281--305},
 numpages = {25},
 acmid = {2188395},
 publisher = {JMLR.org},
 keywords = {deep learning, global optimization, model selection, neural networks, response surface modeling},
} 




@article{ekrem09,
author = {Kocaguneli, Ekrem and Kultur, Yigit and Bener, Ayse},
year = {2018},
month = {04},
pages = {},
booktitle={ISSRE'09},
title = {Combining Multiple Learners Induced on Multiple Datasets for Software Effort Prediction}
}

@ARTICLE{tanti18,
author={C. Tantithamthavorn and S. McIntosh and A. E. Hassan and K. Matsumoto},
journal={IEEE Transactions on Software Engineering},
title={The Impact of Automated Parameter Optimization on Defect Prediction Models},
year={2018},
volume={},
number={},
pages={1-1},
keywords={Computational efficiency;Computational modeling;Neural networks;Optimization;Power system stability;Predictive models;Software;Software defect prediction;classification techniques;differential evolution;experimental design;genetic algorithm;grid search;parameter optimization;random search;search-based software engineering},
doi={10.1109/TSE.2018.2794977},
ISSN={0098-5589},
month={},}

@article{dejaeger12,
author={Dejaeger,Karel and Verbeke,Wouter and Martens,David and Baesens,Bart},
year={2012},
month={Mar},
title={Data Mining Techniques for Software Effort Estimation: A Comparative Study},
journal={IEEE Trans SE},
volume={38},
number={2},
pages={375-397},
} 


@misc{jorg2015a,
author={J{\o}rgensen, M.},
title={The  world  is  skewed:  Ignorance,  use,  misuse,  misunderstandings,  and  how  to
improve  uncertainty  analyses  in  software  development  projects},
year={2015},
}

@book{brieman84,
author="L.Breiman, J. Friedman,   R. Olshen, C. Stone",
year="1984",
title="Classification and Regression Trees",
publisher="Wadsworth"
}
 
 
@article{Kocaguneli:2012,
 author = {Kocaguneli, E. and Menzies, T. and Keung, J.},
 title = {On the Value of Ensemble Effort Estimation},
 journal = {TSE},
 issue_date = {November 2012},
 volume = {38},
 number = {6},
 month = nov,
 year = {2012},
 issn = {0098-5589},
 pages = {1403--1416},
 numpages = {14},
 url = {http://dx.doi.org/10.1109/TSE.2011.111},
 doi = {10.1109/TSE.2011.111},
 acmid = {2420784},
 publisher = {IEEE Press},
 address = {Piscataway, NJ, USA},
 keywords = {Costs,Software performance,Measurement uncertainty,Taxonomy,Machine learning,Regression tree analysis,Support vector machines,Neural networks,k-NN,Software cost estimation,ensemble,machine learning,regression trees,support vector machines,neural nets,analogy},
} 


@article{MINKU20131512,
title = {Ensembles and locality: Insight on improving software effort estimation},
journal = {IST Journal},
volume = {55},
number = {8},
pages = {1512 - 1528},
year = {2013},
issn = {0950-5849},
doi = {https://doi.org/10.1016/j.infsof.2012.09.012},
url = {http://www.sciencedirect.com/science/article/pii/S0950584912002066},
author = {Minku, L. L. and Yao, X.},
keywords = {Software effort estimation, Ensembles of learning machines, Locality, Empirical validation}
}

@inproceedings{Minku:2011,
  title={A principled evaluation of ensembles of learning machines for software effort estimation},
  author={Minku, L. L. and Yao, X.},
  booktitle={PROMISE'11},
  pages = {9:1--9:10},
  year={2011},
  organization={ACM}
}

@book{mcconnell2006software,
  title={Software estimation: demystifying the black art},
  author={McConnell, S.},
  year={2006},
  publisher={Microsoft press}
}


@Article{Keung2013,
author={Keung, J.
and Kocaguneli, E. and Menzies, T.},
title={Finding conclusion stability for selecting the best effort predictor in software effort estimation},
journal={ASE},
year={2013},
month={Dec},
day={01},
volume={20},
number={4},
pages={543--567},
abstract={Background:                Conclusion Instability in software effort estimation (SEE) refers to the inconsistent results produced by a diversity of predictors using different datasets. This is largely due to the ``ranking instability'' problem, which is highly related to the evaluation criteria and the subset of the data being used.},
issn={1573-7535},
doi={10.1007/s10515-012-0108-5}
}



@Article{wolpert97,
  author =   {Wolpert, D. H. and Macready, W. G.},
  title =    {No free lunch theorems for optimization},
  journal =  {TEVC},
  year =     {1997},
  volume =   {1},
  number =   {1},
  pages =    {67-82},
  month =    {Apr},
  abstract = {A framework is developed to explore the connection between$\backslash$neffective optimization algorithms and the problems they are solving. A$\backslash$nnumber of {\&}amp;ldquo;no free lunch{\&}amp;rdquo; (NFL) theorems are presented which$\backslash$nestablish that for any algorithm, any elevated performance over one$\backslash$nclass of problems is offset by performance over another class. These$\backslash$ntheorems result in a geometric interpretation of what it means for an$\backslash$nalgorithm to be well suited to an optimization problem. Applications of$\backslash$nthe NFL theorems to information-theoretic aspects of optimization and$\backslash$nbenchmark measures of performance are also presented. Other issues$\backslash$naddressed include time-varying optimization problems and a priori$\backslash$n{\&}amp;ldquo;head-to-head{\&}amp;rdquo; minimax distinctions between optimization$\backslash$nalgorithms, distinctions that result despite the NFL theorems' enforcing$\backslash$nof a type of uniformity over all algorithms},
  doi =      {10.1109/4235.585893},
  isbn =     {1089778X},
  issn =     {1089778X},
  keywords = {Evolutionary algorithms,Information theory,Optimization},
  pmid =     {97063701362}
}

@article{menzies2006selecting,
  title={Selecting best practices for effort estimation},
  author={Menzies, T. and Chen, Z. and Hihn, J. and Lum, K.},
  journal={TSE},
  volume={32},
  number={11},
  pages={883--895},
  year={2006},
  publisher={IEEE}
}

@inproceedings{nair18,
author={Nair, V. and  Agrawal, A. and Chen, J. and Fu, W. and  Mathew, G. and Menzies, T. and Minku, L. L. and  Wagner, M. and Yu, Z.},
title={Data-Driven Search-based Software Engineering},
booktitle={MSR},
year={2018},
notes={Available on-line at https://arxiv.org/abs/1801.10241}
}

@article{Wolpert96,
author = { Wolpert, D. H.},
title = {The Lack of A Priori Distinctions Between Learning Algorithms},
journal = {Neural Computation},
volume = {8},
number = {7},
pages = {1341-1390},
year = {1996},
doi = {10.1162/neco.1996.8.7.1341} 
}


@book{sommerville2010software,
  title={Software engineering},
  author={Sommerville, I.},
  year={2010},
  publisher={Addison-Wesley}
}

@article{trendowicz2014software,
  title={Software project effort estimation},
  author={Trendowicz, A. and Jeffery, R.},
  journal={Foundations and Best Practice Guidelines for Success, Constructive Cost Model--COCOMO pags},
  pages={277--293},
  year={2014},
  publisher={Springer}
}


@article{nam2018heterogeneous,
  title={Heterogeneous defect prediction},
  author={Nam, Jaechang and Fu, Wei and Kim, Sunghun and Menzies, Tim and Tan, Lin},
  journal={IEEE Transactions on Software Engineering},
  volume={44},
  number={9},
  pages={874--896},
  year={2018},
  publisher={IEEE}
}
@article{fu2016differential,
  title={Why is differential evolution better than grid search for tuning defect predictors?},
  author={Fu, Wei and Nair, Vivek and Menzies, Tim},
  journal={arXiv preprint arXiv:1609.02613},
  year={2016}
}
@inproceedings{hindle2012naturalness,
  title={On the naturalness of software},
  author={Hindle, Abram and Barr, Earl T and Su, Zhendong and Gabel, Mark and Devanbu, Premkumar},
  booktitle={2012 34th International Conference on Software Engineering (ICSE)},
  pages={837--847},
  year={2012},
  organization={IEEE}
}
@article{Fu2016TuningFS,
  title={Tuning for software analytics: Is it really necessary?},
  author={W. Fu, and T. Menzies and X. Shen},
  journal={IST Journal},
  year={2016},
  volume={76},
  pages={135-146}
}

@inproceedings{fu2017easy,
  title={Easy over hard: A case study on deep learning},
  author={Fu, Wei and Menzies, Tim},
  booktitle={Proceedings of the 2017 11th Joint Meeting on Foundations of Software Engineering},
  pages={49--60},
  year={2017},
  organization={ACM}
}

@inproceedings{kadoda2000configuring,
  title={On configuring a case-based reasoning software project prediction system},
  author={Kadoda, G. and Cartwright, M. and Shepperd, M.},
  booktitle={UK CBR Workshop, Cambridge, UK},
  pages={1--10},
  year={2000}
}

@article{mendes2003comparative,
  title={A comparative study of cost estimation models for web hypermedia applications},
  author={Mendes, E. and Watson, I. and Triggs, C. and Mosley, N. Counsell, S.},
  journal={ESE},
  volume={8},
  number={2},
  pages={163--196},
  year={2003},
  publisher={Springer}
}

@article{li2009study,
  title={A study of project selection and feature weighting for analogy based software cost estimation},
  author={Li, Y. and Xie, M. and Goh, T. N.},
  journal={JSS},
  volume={82},
  number={2},
  pages={241--252},
  year={2009},
  publisher={Elsevier}
}

@book{boehm1981software,
  title={Software engineering economics},
  author={Boehm, B. W. },
  year={1981},
  publisher={Prentice-Hall}
}

@article{teak2012,
  title={Exploiting the essential assumptions of analogy-based effort estimation},
  author={Kocaguneli, E. and Menzies, T. and Bener, A. and Keung, J. W.},
  journal={TSE},
  volume={38},
  number={2},
  pages={425--438},
  year={2012},
  publisher={IEEE}
}

@article{kemerer1987empirical,
  title={An empirical validation of software cost estimation models},
  author={Kemerer, C. F.},
  journal={CACM},
  volume={30},
  number={5},
  pages={416--429},
  year={1987},
  publisher={ACM}
}

@article{brophy2009dawn,
  title={Dawn ion propulsion system: Initial checkout after launch},
  author={Brophy, J. R. and Garner, C. E. and Mikes, S. C.},
  journal={Journal of Propulsion and Power},
  volume={25},
  number={6},
  pages={1189--1202},
  year={2009}
}


@inproceedings{shepperd2007software,
  title={Software project economics: a roadmap},
  author={Shepperd, M.},
  booktitle={2007 Future of Software Engineering},
  pages={304--315},
  year={2007},
  organization={IEEE Computer Society}
}

@article{jorgensen2004review,
  title={A review of studies on expert estimation of software development effort},
  author={J{\o}rgensen, M.},
  journal={JSS},
  volume={70},
  number={1-2},
  pages={37--60},
  year={2004},
  publisher={Elsevier}
}

@article{jorgensen2009impact,
  title={The impact of lessons-learned sessions on effort estimation and uncertainty assessments},
  author={J{\o}rgensen, M. and Gruschke, T. M.},
  journal={TSE},
  volume={35},
  number={3},
  pages={368--383},
  year={2009},
  publisher={IEEE}
}

@article{shepperd1997estimating,
  title={Estimating software project effort using analogies},
  author={Shepperd, M. and Schofield, C.},
  journal={TSE},
  volume={23},
  number={11},
  pages={736--743},
  year={1997},
  publisher={IEEE}
}


@article{keung2008analogy,
  title={Analogy-X: Providing statistical inference to analogy-based software cost estimation},
  author={Keung, J. W. and Kitchenham, B. A. and Jeffery, D. R.},
  journal={TSE},
  volume={34},
  number={4},
  pages={471--484},
  year={2008},
  publisher={IEEE}
}



@article{chang1974finding,
  title={Finding prototypes for nearest neighbor classifiers},
  author={Chang, C. L.},
  journal={TC},
  volume={100},
  number={11},
  year={1974},
  publisher={IEEE}
}



@article{hall2003benchmarking,
  title={Benchmarking attribute selection techniques},
  author={Hall, M. A. and Holmes, G.},
  journal={TKDE},
  volume={15},
  number={6},
  pages={1437--1447},
  year={2003},
  publisher={IEEE}
}

@article{fayyad1993multi,
  title={Multi-interval discretization of continuous-valued attributes for classification learning},
  author={Fayyad, U. and Irani, K.},
  year={1993}
}

@inproceedings{yang2002comparative,
  title={A comparative study of discretization methods for naive-bayes classifiers},
  author={Yang, Y. and Webb, G. I.},
  booktitle={Proceedings of PKAW},
  volume={2002},
  year={2002}
}



@ARTICLE{Mittas13,
author={N. Mittas and L. Angelis},
journal={IEEE Trans SE},
title={Ranking and Clustering Software Cost Estimation Models through a Multiple Comparisons Algorithm},
year={2013},
volume={39},
number={4},
pages={537-551},
keywords={Accuracy;Clustering algorithms;Estimation;Measurement uncertainty;Prediction algorithms;Predictive models;Systematics;Cost estimation;management;metrics/measurement;statistical methods},
doi={10.1109/TSE.2012.45},
ISSN={0098-5589},
month={April},
}

@inproceedings{frank2002locally,
  title={Locally weighted naive bayes},
  author={Frank, E. and Hall, M. and Pfahringer, B.},
  booktitle={19th conference on Uncertainty in Artificial Intelligence},
  pages={249--256},
  year={2002},
}

@article{angelis2000simulation,
  title={A simulation tool for efficient analogy based cost estimation},
  author={Angelis, L. and Stamelos, I.},
  journal={EMSE},
  volume={5},
  number={1},
  pages={35--68},
  year={2000},
  publisher={Springer}
}

@article{walkerden1999empirical,
  title={An empirical study of analogy-based software effort estimation},
  author={Walkerden, F. and Jeffery, R.},
  journal={ESE},
  volume={4},
  number={2},
  pages={135--158},
  year={1999},
  publisher={Springer}
}



@ARTICLE{krall15,
author={J. Krall and T. Menzies and M. Davies},
journal={IEEE Transactions on Software Engineering},
title={GALE: Geometric Active Learning for Search-Based Software Engineering},
year={2015},
volume={41},
number={10},
pages={1001-1018},
keywords={Pareto optimisation;approximation theory;computational complexity;evolutionary computation;learning (artificial intelligence);software engineering;GALE;Pareto frontier;geometric active learning;multiobjective evolutionary algorithm;near-linear time MOEA;piecewise approximation;search-based software engineering;Approximation methods;Biological system modeling;Computational modeling;Optimization;Sociology;Software;Standards;Multi-objective optimization;active learning;search based software engineering},
doi={10.1109/TSE.2015.2432024},
ISSN={0098-5589},
month={Oct},}


@book{baker2007hybrid,
  title={A hybrid approach to expert and model based effort estimation},
  author={Baker, D. R.},
  year={2007},
  publisher={West Virginia University}
}

@inproceedings{quinlan1992learning,
  title={Learning with continuous classes},
  author={Quinlan, J. R. },
  booktitle={5th Australian joint conference on artificial intelligence},
  volume={92},
  pages={343--348},
  year={1992},
  organization={Singapore}
}

@misc{menzies2012promise,
  title={The promise repository of empirical software engineering data},
  author={Menzies, T. and Caglayan, B. and Kocaguneli, E. and Krall, J. and Peters, F. and Turhan, B.},
  year={2012},
  publisher={June}
}

@article{foss2003simulation,
  title={A simulation study of the model evaluation criterion MMRE},
  author={Foss, T. and Stensrud, E. and Kitchenham, B. and Myrtveit, I.},
  journal={TSE},
  volume={29},
  number={11},
  pages={985--995},
  year={2003},
  publisher={IEEE}
}

@article{kitchenham2001accuracy,
  title={What accuracy statistics really measure},
  author={Kitchenham, B. A. and Pickard, L. M. and MacDonell, S. G. and Shepperd, M. J.},
  journal={IEEE Software},
  volume={148},
  number={3},
  pages={81--85},
  year={2001},
  publisher={IET}
}

@inproceedings{korte2008confidence,
  title={Confidence in software cost estimation results based on MMRE and PRED},
  author={Korte, M. and Port, D.},
  booktitle={PROMISE'08},
  pages={63--70},
  year={2008}
}

@inproceedings{port2008comparative,
  title={Comparative studies of the model evaluation criterion mmre and pred in software cost estimation research},
  author={Port, D. and Korte, M.},
  booktitle={ESEM'08},
  pages={51--60},
  year={2008} 
}

@article{shepperd2000building,
  title={On building prediction systems for software engineers},
  author={Shepperd, M. and Cartwright, M. and Kadoda, G.},
  journal={EMSE},
  volume={5},
  number={3},
  pages={175--182},
  year={2000},
  publisher={Springer}
}

@inproceedings{sarro2016multi,
  title={Multi-objective software effort estimation},
  author={Sarro, F. and Petrozziello, A. and Harman, M.},
  booktitle={ICSE},
  pages={619--630},
  year={2016},
  organization={ACM}
}

@article{molokk08,
journal="Journal of Systems and Software",
volume=81, 
issue=12,
month="December",
year= 2008, 
pages="2106–2117",
title="Using planning poker for combining expert estimates in software projects",
author="Kjetil Molokken-Pstvold and Nils Christian Haugen and Hans Christian Benestad",
}

@article{Jorgensen2004,
	Author = {Jorgensen, Magne},
	Doi = {10.1016/S0164-1212(02)00156-5},
	Issn = {01641212},
	Journal = {Journal of Systems and Software},
	Keywords = {e ort estimation,expert judgment,project planning,software development},
	Month = feb,
	Number = {1-2},
	Pages = {37--60},
	Title = {{A review of studies on expert estimation of software development effort}},
	Volume = {70},
	Year = {2004},
	Bdsk-Url-1 = {http://dx.doi.org/10.1016/S0164-1212(02)00156-5}}
	
@article{stensrud2003further,
  title={A further empirical investigation of the relationship of MRE and project size},
  author={
Stensrud, E. and Foss, T. and Kitchenham, B. and Myrtveit, I.},
  journal={ESE},
  volume={8},
  number={2},
  pages={139--161},
  year={2003},
  publisher={Springer}
}

@article{langdon2016exact,
  title={Exact mean absolute error of baseline predictor, MARP0},
  author={Langdon, W. B. and Dolado, J. and Sarro, F. and Harman, M.},
  journal={IST},
  volume={73},
  pages={16--18},
  year={2016},
  publisher={Elsevier}
}

@inproceedings{sayyad2013pareto,
  title={Pareto-optimal search-based software engineering (POSBSE): A literature survey},
  author={Sayyad, Abdel Salam and Ammar, Hany},
  booktitle={RAISE'13},
  pages={21--27},
  year={2013},
  organization={IEEE}
}


@article{shepperd2012evaluating,
  title={Evaluating prediction systems in software project estimation},
  author={Shepperd, M. and MacDonell, S.},
  journal={IST},
  volume={54},
  number={8},
  pages={820--827},
  year={2012},
  publisher={Elsevier}
}


@article{pedregosa2011scikit,
  title={Scikit-learn: Machine learning in Python},
  author={Pedregosa, F. and Varoquaux, G. and Gramfort, A. and Michel, V. and Thirion, B. and Grisel, O. and Blondel, M. and Prettenhofer, P. and Weiss, R. and Dubourg, V. and Vanderplas, J.},
  journal={JMLR},
  volume={12},
  number={Oct},
  pages={2825--2830},
  year={2011}
}

@inproceedings{sayyad2013value,
  title={On the value of user preferences in search-based software engineering: a case study in software product lines},
  author={Sayyad, Abdel Salam and Menzies, Tim and Ammar, Hany},
  booktitle={ICSE'13},
  pages={492--501},
  year={2013},
  organization={IEEE Press}
}

@inproceedings{Wagner:2007,
 author = {Wagner, Tobias and Beume, Nicola and Naujoks, Boris},
 title = {Pareto-, Aggregation-, and Indicator-based Methods in Many-objective Optimization},
 booktitle = {Proceedings of the 4th International Conference on Evolutionary Multi-criterion Optimization},
 series = {EMO'07},
 year = {2007},
 isbn = {978-3-540-70927-5},
 location = {Matsushima, Japan},
 pages = {742--756},
 numpages = {15},
 url = {http://dl.acm.org/citation.cfm?id=1762545.1762608},
 acmid = {1762608},
 publisher = {Springer-Verlag},
 address = {Berlin, Heidelberg},
} 

[download] 


@article{BURGESS2001863,
  title={Can genetic programming improve software effort estimation? A comparative evaluation},
  author={Burgess, C. J. and Lefley, M.},
  journal={IST},
  volume={43},
  number={14},
  pages={863--873},
  year={2001},
  publisher={Elsevier}
}

@ARTICLE{Zhang07,
author={Q. Zhang and H. Li},
journal={IEEE Transactions on Evolutionary Computation},
title={MOEA/D: A Multiobjective Evolutionary Algorithm Based on Decomposition},
year={2007},
volume={11},
number={6},
pages={712-731},
keywords={computational complexity;genetic algorithms;computational complexity;decomposition;genetic algorithm;knapsack problem;multiobjective evolutionary algorithm;scalar optimization subproblem;Computational complexity;Pareto optimality;decomposition;evolutionary algorithm;multiobjective optimization},
doi={10.1109/TEVC.2007.892759},
ISSN={1089-778X},
month={Dec},}

@ARTICLE{deb02,
author={K. Deb and A. Pratap and S. Agarwal and T. Meyarivan},
journal={IEEE Transactions on Evolutionary Computation},
title={A fast and elitist multiobjective genetic algorithm: NSGA-II},
year={2002},
volume={6},
number={2},
pages={182-197},
month={Apr},}


@ARTICLE{879821,
author={J. J. Dolado},
journal={TSE},
title={A validation of the component-based method for software size estimation},
year={2000},
volume={26},
number={10},
pages={1006-1021},
keywords={high level languages;software development management;software metrics;software reusability;Mark II function points;fourth-generation language;genetic programming;lines of code;neural networks;software component-based method;software management;software size estimation;software size prediction;work planning;Equations;Genetic programming;Lab-on-a-chip;Life estimation;Linear regression;Neural networks;Project management;Size measurement;Software measurement;Software systems},
doi={10.1109/32.879821},
ISSN={0098-5589},
month={Oct},}


@INPROCEEDINGS{5635145,
author={F. Ferrucci and C. Gravino and R. Oliveto and F. Sarro},
booktitle={SSBSE'10},
title={Genetic Programming for Effort Estimation: An Analysis of the Impact of Different Fitness Functions},
year={2010},
volume={},
number={},
pages={89-98},
keywords={case-based reasoning;genetic algorithms;mathematical programming;regression analysis;software engineering;statistical testing;3-fold cross validation;Desharnais;case-based reasoning;fitness function;genetic programming;manual step wise regression;search-based method;software development effort estimation;statistical test;Accuracy;Atmospheric measurements;Estimation;Mathematical model;Particle measurements;Predictive models;Training;Empirical Studies;Genetic Programming;Software Development Effort Estimation},
doi={10.1109/SSBSE.2010.20},
ISSN={},
}

@INPROCEEDINGS{5598118,
author={F. Ferrucci and C. Gravino and R. Oliveto and F. Sarro and E. Mendes},
booktitle={SEAA},
title={Investigating Tabu Search for Web Effort Estimation},
year={2010},
volume={},
number={},
pages={350-357},
keywords={Internet;case-based reasoning;database management systems;estimation theory;optimisation;regression analysis;search problems;Tukutuku database;Web application development effort;Web effort estimation;case-based reasoning;estimation techniques;linear regression;metaheuristic approach;optimization problems;tabu search;Accuracy;Companies;Databases;Estimation;Mathematical model;Programming;Search problems;Empirical studies;Tabu search;Web Effort Estimation},
doi={10.1109/SEAA.2010.59},
ISSN={1089-6503},
month={Sept},}



@inproceedings{Lefley:2003:UGP:1756582.1756742,
 author = {Lefley, M. and Shepperd, M. J.},
 title = {Using Genetic Programming to Improve Software Effort Estimation Based on General Data Sets},
 booktitle = {GECCO'03},
 year = {2003},
 isbn = {3-540-40603-4},
 location = {Chicago, IL, USA},
 pages = {2477--2487},
 numpages = {11},
 url = {http://dl.acm.org/citation.cfm?id=1756582.1756742} 
} 

@inproceedings{minku2013analysis,
  title={An analysis of multi-objective evolutionary algorithms for training ensemble models based on different performance measures in software effort estimation},
  author={Minku, L. L. and Yao, X.},
  booktitle={PROMISE'13},
  pages = {8:1--8:10},
  year={2013},
  organization={ACM}
}


 
@article{sarro2017adaptive,
  title={Adaptive multi-objective evolutionary algorithms for overtime planning in software projects},
  author={Sarro, F. and Ferrucci, F. and Harman, M. and Manna, A. and Ren, J.},
  journal={TSE},
  volume={43},
  number={10},
  pages={898--917},
  year={2017},
  publisher={IEEE}
}


@ARTICLE{8255666,
author={M. Choetkiertikul and H. K. Dam and T. Tran and T. T. M. Pham and A. Ghose and T. Menzies},
journal={TSE},
title={A deep learning model for estimating story points},
year={2018},
volume={PP},
number={99},
pages={1-1},
keywords={Electronic mail;Estimation;Machine learning;Planning;Predictive models;Software;Springs;deep learning;effort estimation;software analytics;story point estimation},
doi={10.1109/TSE.2018.2792473},
ISSN={0098-5589},
month={},}

@inproceedings{shen02a,
  title={Software project effort estimation using genetic programming},
  author={Y. Shan and R. I. McKay and C. J. Lokan and D. L. Essam},
  booktitle={ICCCAS \& WESINO EXPO'02},
  volume={2},
  pages={1108--1112},
  year={2002},
 }

@inproceedings{feurer2015efficient,
  title={Efficient and robust automated machine learning},
  author={Feurer, Matthias and Klein, Aaron and Eggensperger, Katharina and Springenberg, Jost and Blum, Manuel and Hutter, Frank},
  booktitle={Advances in Neural Information Processing Systems},
  pages={2962--2970},
  year={2015}
}


@misc{sk18,
  title = {SKlean, manual},
  howpublished = {\url{https://automl.github.io/auto-sklearn/stable/manual.html}},
  note = {Accessed: 2018-04-20}
}



@article{storn1997differential,
  title={Differential evolution--a simple and efficient heuristic for global optimization over cont. spaces},
  author={Storn, R. and Price, K.},
  journal={JoGO},
  volume={11},
  number={4},
  pages={341--359},
  year={1997},
  publisher={Springer}
}


@article{jorgensen2007systematic,
  title={A systematic review of software development cost estimation studies},
  author={J{\o}rgensen, M.  and Shepperd, M.},
  journal={TSE},
  volume={33},
  number={1},
  year={2007} 
}


@book{Conte:1986:SEM:6176,
 author = {Conte, S. D. and Dunsmore, H. E. and Shen, V. Y.},
 title = {Software Engineering Metrics and Models},
 year = {1986},
 isbn = {0-8053-2162-4},
 publisher = {Benjamin-Cummings Publishing Co., Inc.},
 address = {Redwood City, CA, USA},
} 

@inproceedings{Haupt00,
  title={Optimum population size and mutation rate for a simple real genetic algorithm that optimizes array factors},
  author={R. L. Haupt},
  booktitle={APSIS'00},
  pages={1034--1037},
  year={2000} 
}

@misc{cowing02,
title={NASA to Shut Down Checkout \& Launch Control System.
http://www.spaceref.com/news/viewnews.html?id=475},
year={2002},
author={Cowing, K.},
}

@article{Whigham:2015,
 author = {Whigham, P. A. and Owen, C. A. and  Macdonell, S. G.},
 title = {A Baseline Model for Software Effort Estimation},
 journal = {TOSEM},
 issue_date = {May 2015},
 volume = {24},
 number = {3},
 month = may,
 year = {2015},
 issn = {1049-331X},
 pages = {20:1--20:11},
 articleno = {20},
 numpages = {11},
 doi = {10.1145/2738037},
 acmid = {2738037},
 publisher = {ACM},
 address = {New York, NY, USA},
 keywords = {Baseline model, transformed linear model},
} 


@book{efron93,
  author={Efron, B. and Tibshirani, J.},
  year={1993},
  title={Introduction to   bootstrap},
  publisher={Chapman \& Hall}
  }
  
@article{MenziesNeg:2017,
 author = {Menzies, T. and Yang, Y. and Mathew, G. and Boehm, B.W. and Hihn, J.},
 title = {Negative Results for Software Effort Estimation},
 journal = {ESE},
 year = {2017},
 volume = {22},
 number = {5},
 issn = {1382-3256},
 pages = {2658--2683},
 numpages = {26},
 doi = {10.1007/s10664-016-9472-2},
 acmid = {3135896},
 publisher = {Kluwer Academic Publishers},
 address = {Hingham, MA, USA},
 keywords = {A12, Bootstrap sampling, CART, COCOMO, Clustering, Effect size, Effort estimation, Feature selection, Nearest neighbor, Prototype generation},
} 

@INPROCEEDINGS{7194627, 
author={Peters, T. and Menzies, T.  and  Layman, L.}, 
booktitle={ICSE}, 
title={LACE2: Better Privacy-Preserving Data Sharing for Cross Project Defect Prediction}, 
year={2015}, 
volume={1}, 
number={}, 
pages={801-811}, 
keywords={cache storage;data encapsulation;data privacy;project management;security of data;software development management;LACE2;cache;cross project defect prediction;data minimization;interesting data;multiparty approach;multiparty data sharing;obfuscation algorithm;privacy-preserving data sharing;project detail hiding;secure data sharing;single-party approach;Clustering algorithms;Data privacy;Measurement;Minimization;Organizations;Privacy;Software;cross project defect prediction;privacy-preserving data sharing}, 
doi={10.1109/ICSE.2015.92}, 
ISSN={0270-5257}, 
month={May},}

@article{kocaguneli2013active,
  title={Active learning and effort estimation: Finding the essential content of software effort estimation data},
  author={Kocaguneli, Ekrem and Menzies, Tim and Keung, Jacky and Cok, David and Madachy, Ray},
  journal={IEEE Transactions on Software Engineering},
  volume={39},
  number={8},
  pages={1040--1053},
  year={2013},
  publisher={IEEE}
}

@Article{Kocaguneli2015,
author={Kocaguneli, E.
and Menzies, T.
and Mendes, E.},
title={Transfer learning in effort estimation},
journal={ESE},
year={2015},
month={Jun},
day={01},
volume={20},
number={3},
pages={813--843},
issn={1573-7616},
doi={10.1007/s10664-014-9300-5}
}

@INPROCEEDINGS{7426628, 
author={Hihn, J. and Menzies, T.}, 
booktitle={ASEW}, 
title={Data Mining Methods and Cost Estimation Models: Why is it So Hard to Infuse New Ideas?}, 
year={2015}, 
volume={}, 
number={}, 
pages={5-9}, 
keywords={data mining;software cost estimation;NASA;cost estimation models;data mining methods;effort estimation;software costing models;technology infusion;Cognitive science;Data mining;Estimation;NASA;Software;Solid modeling;Stakeholders;cost estimation;data mining;effort estimation;software;technology infusion}, 
doi={10.1109/ASEW.2015.27}, 
ISSN={}, 
month={Nov},}

@INPROCEEDINGS{6092574, 
author={Kocaguneli, E. and Menzies, T.}, 
booktitle={ESEM}, 
title={How to Find Relevant Data for Effort Estimation?}, 
year={2011}, 
volume={}, 
number={}, 
pages={255-264}, 
keywords={data handling;estimation theory;information retrieval;ABE;analogy based estimation;cross source divisions;effort estimation;information retrieval;instance selection;relevant data;Artificial neural networks;Buildings;Data models;Estimation;Organizations;Training;Training data;cross resource;k-NN;software cost estimation;within resource}, 
doi={10.1109/ESEM.2011.34}, 
ISSN={1949-3770}, 
month={Sept},}


@article{Menzies2016AreDI,
  title={Are delayed issues harder to resolve? Revisiting cost-to-fix of defects throughout the lifecycle},
  author={Tim Menzies and William Nichols and Forrest Shull and Lucas Layman},
  journal={Empirical Software Engineering},
  year={2016},
  volume={22},
  pages={1903-1935}
}

@book{neter1996applied,
  title={Applied linear statistical models},
  author={Neter, J. and Kutner, M. H. and Nachtsheim, C. J. and Wasserman, W.},
  volume={4},
  year={1996},
  publisher={Irwin Chicago}
}

@article{Menzies2016AreDI,
  title={Are delayed issues harder to resolve? Revisiting cost-to-fix of defects throughout the lifecycle},
  author={Tim Menzies and William Nichols and Forrest Shull and Lucas Layman},
  journal={Empirical Software Engineering},
  year={2016},
  volume={22},
  pages={1903-1935}
}

@article{briand2002resource,
  title={Resource estimation in software engineering},
  author={Briand, Lionel C and Wieczorek, Isabella},
  journal={Encyclopedia of software engineering},
  year={2002},
  publisher={Wiley Online Library}
}

@inproceedings{mendes2002further,
  title={Further investigation into the use of CBR and stepwise regression to predict development effort for web hypermedia applications},
  author={Mendes, Emilia and Mosley, Nile},
  booktitle={ESEM'02},
  pages={79--90},
  year={2002},
  organization={IEEE}
}


@book{hardy1993regression,
  title={Regression with dummy variables},
  author={Hardy, Melissa A},
  volume={93},
  year={1993},
  publisher={Sage}
}

@book{cohn2005agile,
  title={Agile estimating and planning},
  author={Cohn, Mike},
  year={2005},
  publisher={Pearson Education}
}

@techreport{versionone201711th,
  title={11th Annual State of Agile Survey},
  author={VersionOne, TR},
  year={2017},
  institution={Technical report, Version One}
}

@article{mahnivc2012using,
  title={On using planning poker for estimating user stories},
  author={Mahni{\v{c}}, Viljan and Hovelja, Toma{\v{z}}},
  journal={Journal of Systems and Software},
  volume={85},
  number={9},
  pages={2086--2095},
  year={2012},
  publisher={Elsevier}
}

@article{corazza2013using,
  title={Using tabu search to configure support vector regression for effort estimation},
  author={Corazza, Anna and Di Martino, Sergio and Ferrucci, Filomena and Gravino, Carmine and Sarro, Federica and Mendes, Emilia},
  journal={Empirical Software Engineering},
  volume={18},
  number={3},
  pages={506--546},
  year={2013},
  publisher={Springer}
}

@book{Glover:1997:TS:549765,
 author = {Glover, Fred and Laguna, Manuel},
 title = {Tabu Search},
 year = {1997},
 isbn = {079239965X},
 publisher = {Kluwer Academic Publishers},
 address = {Norwell, MA, USA},
} 

@inproceedings{arcuri2011,
  title={A practical guide for using statistical tests to assess randomized algorithms in software engineering},
  author={Arcuri, Andrea and Briand, Lionel},
  booktitle={Software Engineering (ICSE), 2011 33rd International Conference on},
  pages={1--10},
  year={2011},
  organization={IEEE}
}

@article{kampenes2007,
  title={A systematic review of effect size in software engineering experiments},
  author={Kampenes, Vigdis By and Dyb{\aa}, Tore and Hannay, Jo E and Sj{\o}berg, Dag IK},
  journal={Information and Software Technology},
  volume={49},
  number={11-12},
  pages={1073--1086},
  year={2007},
  publisher={Elsevier}
}

@article{SarroTOSEM2018,
author={Sarro, Federica and Petrozziello, Alessio},
title = {Linear Programming as a Baseline for Software Effort Estimation},
journal = {ACM Transactions on Software Engineering and Methodology (TOSEM)},
pages = {to appear},
year = {2018}
}


@inproceedings{jia2015learning,
  title={Learning combinatorial interaction test generation strategies using hyperheuristic search},
  author={Jia, Yue and Cohen, Myra B and Harman, Mark and Petke, Justyna},
  booktitle={Proceedings of the 37th International Conference on Software Engineering-Volume 1},
  pages={540--550},
  year={2015},
  organization={IEEE Press}
}

@inproceedings{wang2013searching,
  title={Searching for better configurations: a rigorous approach to clone evaluation},
  author={Wang, Tiantian and Harman, Mark and Jia, Yue and Krinke, Jens},
  booktitle={Proceedings of the 2013 9th Joint Meeting on Foundations of Software Engineering},
  pages={455--465},
  year={2013},
  organization={ACM}
}

@inproceedings{corazza2010effective,
  title={How effective is tabu search to configure support vector regression for effort estimation?},
  author={Corazza, Anna and Di Martino, Sergio and Ferrucci, Filomena and Gravino, Carmine and Sarro, Federica and Mendes, Emilia},
  booktitle={Proceedings of the 6th international conference on predictive models in software engineering},
  pages={4},
  year={2010},
  organization={ACM}
}

@inproceedings{krishna16bellwether,
 author = {Krishna, R. and Menzies, T. and Fu, W.},
 title = {Too Much Automation? The Bellwether Effect and Its Implications for Transfer Learning},
 booktitle = {IEEE/ACM ICSE},
 series = {ASE 2016},
 isbn = {978-1-4503-3845-5},
 doi = {10.1145/2970276.2970339},
 acmid = {2970339},
 year={2016},
 keywords = {Data Mining, Defect Prediction, Transfer learning},
} 

@inproceedings{nam15hetero,
 author = {Nam, J. and Kim, S.},
 title = {Heterogeneous Defect Prediction},
 booktitle = {10th FSE},
 series = {ESEC/FSE 2015},
 doi = {10.1145/2786805.2786814},
 acmid = {2786814},
 year={2015},
 keywords = {Defect prediction, heterogeneous metrics, quality assurance},
}

@inproceedings{tan15online,
 author = {Tan, M. and Tan, L. and Dara, S.},
 title = {Online Defect Prediction for Imbalanced Data},
 booktitle = {ICSE},
 year = {2015}
} 

@ARTICLE{menzies07defect, 
author={T. Menzies and J. Greenwald and A. Frank}, 
journal={IEEE Transactions on Software Engineering}, 
title={Data Mining Static Code Attributes to Learn Defect Predictors}, 
year={2007}, 
volume={33}, 
number={1}, 
pages={2-13}, 
keywords={data mining;learning (artificial intelligence);program diagnostics;program testing;software quality;McCabes versus Halstead;data mining;defect predictor learning;lines of code counts;resource-bound exploration;static code attributes;Art;Artificial intelligence;Bayesian methods;Data mining;Financial management;Learning systems;Software quality;Software systems;Software testing;System testing;Data mining detect prediction;Halstead;McCabe;artifical intelligence;empirical;naive Bayes.}, 
doi={10.1109/TSE.2007.256941}, 
ISSN={0098-5589}, 
month={Jan},}

@inproceedings{moser08defect,
 author = {Moser, R. and Pedrycz, W. and Succi, G.},
 title = {A Comparative Analysis of the Efficiency of Change Metrics and Static Code Attributes for Defect Prediction},
 booktitle = {30th ICSE},
 year={2008},
 doi = {10.1145/1368088.1368114},
 acmid = {1368114},
 keywords = {cost-sensitive classification, defect prediction, software metrics},
} 

@article{elish08defect,
 author = {Elish, K. O. and Elish, M. O.},
 title = {Predicting Defect-prone Software Modules Using Support Vector Machines},
 journal = {J. Syst. Softw.},
 issue_date = {May, 2008},
 volume = {81},
 number = {5},
 month = may,
 year = {2008},
 issn = {0164-1212},
 pages = {649--660},
 numpages = {12},
 doi = {10.1016/j.jss.2007.07.040},
 acmid = {1353072},
 publisher = {Elsevier Science Inc.},
 address = {New York, NY, USA},
 keywords = {Defect-prone modules, Predictive models, Software metrics, Support vector machines},
}

@inproceedings{tanti16defect,
 author = {Tantithamthavorn, C. and McIntosh, S. and Hassan, A. E. and Matsumoto, K.},
 title = {Automated Parameter Optimization of Classification Techniques for Defect Prediction Models},
 booktitle = {38th ICSE},
 year = {2016},
 doi = {10.1145/2884781.2884857},
 acmid = {2884857},
 keywords = {classification techniques, experimental design, parameter optimization, software defect prediction},
} 

@article{Lessmann08, 
author={S. Lessmann and B. Baesens and C. Mues and S. Pietsch}, 
journal={IEEE Transactions on Software Engineering}, 
title={Benchmarking Classification Models for Software Defect Prediction: A Proposed Framework and Novel Findings}, 
year={2008}, 
volume={34}, 
number={4}, 
pages={485-496}, 
keywords={benchmarking classification models;software defect prediction;software quality;testing efficiency;predictive classification models;code attributes;fault-prone modules;metric-based classification;proprietary data sets;statistical testing procedures;Predictive models;Software quality;Software testing;Statistical analysis;Large-scale systems;NASA;Software systems;Benchmark testing;Fault diagnosis;Convergence;Complexity measures;Data mining;Formal methods;Statistical methods;Complexity measures;Data mining;Formal methods;Statistical methods}, 
doi={10.1109/TSE.2008.35}, 
ISSN={0098-5589}, 
month={July},}

@article{gao2011choosing,
  title={Choosing software metrics for defect prediction: an investigation on feature selection techniques},
  author={Gao, Kehan and Khoshgoftaar, Taghi M and Wang, Huanjing and Seliya, Naeem},
  journal={Software: Practice and Experience},
  volume={41},
  number={5},
  pages={579--606},
  year={2011},
  publisher={Wiley Online Library}
}

@article{xia2018hyperparameter,
  title={Hyperparameter optimization for effort estimation},
  author={Xia, Tianpei and Krishna, Rahul and Chen, Jianfeng and Mathew, George and Shen, Xipeng and Menzies, Tim},
  journal={arXiv preprint arXiv:1805.00336},
  year={2018}
}

@misc{hazrati11,
title={IT Projects: 400\% Over-Budget and only 25\% of Benefits Realized.
https://www.infoq.com/news/2011/10/risky-it-projects},
year={2011},
author={Hazrati, V.},
}

@misc{germano16,
title={Finish Line to Close 25\% of Stores and Replace CEO Glenn Lyon.
https://www.wsj.com/articles/finish-line-to-close-25-of-stores-swaps-ceo-1452171033},
year={2016},
author={Germano, S. and Hufford, A.},
}

@misc{roman16,
title={Federal government's Canada.ca project `off the rails'
https://www.cbc.ca/news/politics/canadaca-federal-website-delays-1.3893254},
year={2016},
author={Roman, K.},
}

@article{boehm2000cost,
  title={Cost estimation with COCOMO II},
  author={Boehm, Barry and Abts, Chris and Brown, A Winsor and Chulani, Sunita and Clark, Bradford K and Horowitz, Ellis and Madachy, Ray and Reifer, Donald J and Steece, Bert},
  journal={ed: Upper Saddle River, NJ: Prentice-Hall},
  year={2000}
}

@article{breiman2001random,
  title={Random forests},
  author={Breiman, Leo},
  journal={Machine learning},
  volume={45},
  number={1},
  pages={5--32},
  year={2001},
  publisher={Springer}
}

@article{chang2011libsvm,
  title={LIBSVM: a library for support vector machines},
  author={Chang, Chih-Chung and Lin, Chih-Jen},
  journal={ACM transactions on intelligent systems and technology (TIST)},
  volume={2},
  number={3},
  pages={27},
  year={2011},
  publisher={Acm}
}

@ARTICLE{nair2017flash, 
author={V. Nair and Z. Yu and T. Menzies and N. Siegmund and S. Apel}, 
journal={IEEE Transactions on Software Engineering}, 
title={Finding Faster Configurations using FLASH}, 
year={2018}, 
volume={}, 
number={}, 
pages={1-1}, 
keywords={Software systems;Optimization;Throughput;Storms;Task analysis;Cloud computing;Performance prediction;Search-based SE;Configuration;Multi-objective optimization;Sequential Model-based Methods}, 
doi={10.1109/TSE.2018.2870895}, 
ISSN={0098-5589}, 
month={},}

@inproceedings{bergstra2011algorithms,
  title={Algorithms for hyper-parameter optimization},
  author={Bergstra, James S and Bardenet, R{\'e}mi and Bengio, Yoshua and K{\'e}gl, Bal{\'a}zs},
  booktitle={Advances in neural information processing systems},
  pages={2546--2554},
  year={2011}
}

@INPROCEEDINGS{das16, 
author={S. Das and W. Wong and T. Dietterich and A. Fern and A. Emmott}, 
booktitle={2016 IEEE 16th International Conference on Data Mining (ICDM)}, 
title={Incorporating Expert Feedback into Active Anomaly Discovery}, 
year={2016}, 
volume={}, 
number={}, 
pages={853-858}, 
keywords={data handling;expert systems;security of data;active anomaly discovery;unsupervised anomaly detection;AAD;expert feedback;anomaly detector;expert user semantic;interactive data exploration loop;expert labels;Mathematical model;Detectors;Algorithm design and analysis;Data models;Linear programming;Detection algorithms;Feature extraction;Anomaly detection;active learning;user feedback}, 
doi={10.1109/ICDM.2016.0102}, 
ISSN={2374-8486}, 
month={Dec},}

@article{olsson2009literature,
  title={A literature survey of active machine learning in the context of natural language processing},
  author={Olsson, Fredrik},
  year={2009},
  publisher={Swedish Institute of Computer Science}
}

@article{qi2017software,
  title={Software effort estimation based on open source projects: Case study of Github},
  author={Qi, Fumin and Jing, Xiao-Yuan and Zhu, Xiaoke and Xie, Xiaoyuan and Xu, Baowen and Ying, Shi},
  journal={Information and Software Technology},
  volume={92},
  pages={145--157},
  year={2017},
  publisher={Elsevier}
}

@INPROCEEDINGS{Jorgensen03, 
author={K. Molokken and M. Jorgensen}, 
booktitle={2003 International Symposium on Empirical Software Engineering, 2003. ISESE 2003. Proceedings.}, 
title={A review of software surveys on software effort estimation}, 
year={2003}, 
volume={}, 
number={}, 
pages={223-230}, 
keywords={software cost estimation;project management;software surveys;software effort estimation;estimation knowledge;schedule overruns;average cost overrun;expert judgment;formal estimation models;effort overrun;software projects;Costs;Computer industry;Job shop scheduling;Software engineering;Software performance;Laboratories;Processor scheduling;Project management;Chaos;Writing}, 
doi={10.1109/ISESE.2003.1237981}, 
ISSN={}, 
month={Sep.},}

@inproceedings{molokken2003review,
  title={A review of software surveys on software effort estimation},
  author={Molokken, Kjetil and Jorgensen, Magne},
  booktitle={Empirical Software Engineering, 2003. ISESE 2003. Proceedings. 2003 International Symposium on},
  pages={223--230},
  year={2003},
  organization={IEEE}
}

@article{menzies2018software,
  title={Software Analytics: What’s Next?},
  author={Menzies, Tim and Zimmermann, Thomas},
  journal={IEEE Software},
  volume={35},
  number={5},
  pages={64--70},
  year={2018},
  publisher={IEEE}
}

@article{agrawal2019dodge,
  title={How to" DODGE" Complex Software Analytics?},
  author={Agrawal, Amritanshu and Fu, Wei and Chen, Di and Shen, Xipeng and Menzies, Tim},
  journal={arXiv preprint arXiv:1902.01838},
  year={2019}
}

@inproceedings{peters2012privacy,
  title={Privacy and utility for defect prediction: Experiments with morph},
  author={Peters, Fayola and Menzies, Tim},
  booktitle={2012 34th International Conference on Software Engineering (ICSE)},
  pages={189--199},
  year={2012},
  organization={IEEE}
}

@article{jeffery1990calibrating,
  title={Calibrating estimation tools for software development},
  author={Jeffery, D Ross and Low, G},
  journal={Software Engineering Journal},
  volume={5},
  number={4},
  pages={215--221},
  year={1990},
  publisher={IET}
}

@inproceedings{robles2014estimating,
  title={Estimating development effort in free/open source software projects by mining software repositories: a case study of openstack},
  author={Robles, Gregorio and Gonz{\'a}lez-Barahona, Jes{\'u}s M and Cervig{\'o}n, Carlos and Capiluppi, Andrea and Izquierdo-Cort{\'a}zar, Daniel},
  booktitle={Proceedings of the 11th Working Conference on Mining Software Repositories},
  pages={222--231},
  year={2014},
  organization={ACM}
}

@inproceedings{royce1970software,
  title={The software lifecycle model (Waterfall Model)},
  author={Royce, W},
  booktitle={Proc. WESTCON},
  volume={314},
  year={1970}
}

@article{edmonds1974process,
  title={A process for the development of software for non-technical users as an adaptive system},
  author={Edmonds, Ernest A},
  journal={General Systems},
  volume={19},
  pages={215--218},
  year={1974}
}

@article{mccormick2012waterfall,
  title={Waterfall vs. Agile methodology},
  author={McCormick, Mike},
  journal={MPCS, N/A},
  year={2012}
}

@inproceedings{franceschi2017forward,
  title={Forward and reverse gradient-based hyperparameter optimization},
  author={Franceschi, Luca and Donini, Michele and Frasconi, Paolo and Pontil, Massimiliano},
  booktitle={Proceedings of the 34th International Conference on Machine Learning-Volume 70},
  pages={1165--1173},
  year={2017},
  organization={JMLR. org}
}

@article{biedenkapp2018hyperparameter,
 title={Hyperparameter Optimization},
 author={Biedenkapp, Andre and Eggensperger, Katharina and Elsken, Thomas and Falkner, Stefan and Feurer, Matthias and Gargiani, Matilde and Hutter, Frank and Klein, Aaron and Lindauer, Marius and Loshchilov, Ilya and others},
 journal={Artificial Intelligence},
 volume={1},
 pages={35},
 year={2018}
}

@article{pelikan1999simple,
  title={A simple implementation of the Bayesian optimization algorithm (BOA) in C++(version 1.0)},
  author={Pelikan, Martin},
  journal={Illigal Report},
  volume={99011},
  year={1999},
  publisher={Citeseer}
}

@article{frazier2018tutorial,
  title={A tutorial on Bayesian optimization},
  author={Frazier, Peter I},
  journal={arXiv preprint arXiv:1807.02811},
  year={2018}
}